<?xml version="1.0" encoding="UTF-8" ?>
<srw:searchRetrieveResponse xmlns:srw="http://www.loc.gov/zing/srw/" xmlns:xcql="http://www.loc.gov/zing/cql/xcql/" xmlns:dc="http://purl.org/dc/elements/1.1/" xmlns:marc="info:lc/xmlns/marcxchange-v1" xmlns:marcxml="http://www.loc.gov/MARC21/slim">
    <srw:version>1.2</srw:version>
    <srw:numberOfRecords>1</srw:numberOfRecords><srw:records><srw:record><srw:recordSchema>marcxchange</srw:recordSchema>
    <srw:recordPacking>xml</srw:recordPacking>
    <srw:recordIdentifier>1093967</srw:recordIdentifier><srw:recordPosition>1</srw:recordPosition><srw:recordData>
        <marc:record format="MARC21" type="Authority" id="1093967" xmlns:marc="info:lc/xmlns/marcxchange-v1">
            <marc:leader>99999nz  a2299999n  4500</marc:leader>
            <marc:controlfield tag="001">1093967</marc:controlfield>
            <marc:controlfield tag="003">NO-TrBIB</marc:controlfield>
            <marc:controlfield tag="005">20200219154815.0</marc:controlfield>
            <marc:controlfield tag="008">141210n| adz|naabn|         |a|ana|     </marc:controlfield>
            <marc:datafield tag="024" ind1="7" ind2=" ">
                <marc:subfield code="a">x01093967</marc:subfield>
                <marc:subfield code="2">NO-TrBIB</marc:subfield>
            </marc:datafield>
            <marc:datafield tag="024" ind1="7" ind2=" ">
                <marc:subfield code="a">http://hdl.handle.net/11250/435017</marc:subfield>
                <marc:subfield code="2">hdl</marc:subfield>
            </marc:datafield>
            <marc:datafield tag="024" ind1="7" ind2=" ">
                <marc:subfield code="a">0000000120242072</marc:subfield>
                <marc:subfield code="2">isni</marc:subfield>
            </marc:datafield>
            <marc:datafield tag="024" ind1="7" ind2=" ">
                <marc:subfield code="a">http://viaf.org/viaf/38828338</marc:subfield>
                <marc:subfield code="2">viaf</marc:subfield>
            </marc:datafield>
            <marc:datafield tag="024" ind1="7" ind2=" ">
                <marc:subfield code="a">80683</marc:subfield>
                <marc:subfield code="2">bibbi</marc:subfield>
            </marc:datafield>
            <marc:datafield tag="040" ind1=" " ind2=" ">
                <marc:subfield code="a">NO-TrBIB</marc:subfield>
                <marc:subfield code="b">nob</marc:subfield>
                <marc:subfield code="c">NO-TrBIB</marc:subfield>
                <marc:subfield code="f">noraf</marc:subfield>
            </marc:datafield>
            <marc:datafield tag="100" ind1="1" ind2=" ">
                <marc:subfield code="a">Fisher, Jude</marc:subfield>
            </marc:datafield>
            <marc:datafield tag="386" ind1=" " ind2=" ">
                <marc:subfield code="a">eng.</marc:subfield>
                <marc:subfield code="m">Nasjonalitet/regional gruppe</marc:subfield>
                <marc:subfield code="2">bs-nasj</marc:subfield>
            </marc:datafield>
            <marc:datafield tag="500" ind1="1" ind2=" ">
                <marc:subfield code="a">Johnson, Jane</marc:subfield>
                <marc:subfield code="d">1960-</marc:subfield>
                <marc:subfield code="0">(NO-TrBIB)14068295</marc:subfield>
            </marc:datafield>
            <marc:datafield tag="667" ind1=" " ind2=" ">
                <marc:subfield code="a">Psevdonym for Jane Johnson</marc:subfield>
            </marc:datafield>
            <marc:datafield tag="901" ind1=" " ind2=" ">
                <marc:subfield code="a">kat3</marc:subfield>
            </marc:datafield>
        </marc:record></srw:recordData>
</srw:record></srw:records><srw:echoedSearchRetrieveRequest>
    <srw:operation>searchRetrieve</srw:operation>
    <srw:version> 1.2</srw:version>
    <srw:query>rec.identifier=&quot;1093967&quot;</srw:query>
    <srw:startRecord>1</srw:startRecord>
    <srw:maximumRecords>10</srw:maximumRecords>
    <srw:recordPacking>xml</srw:recordPacking>
    <srw:recordSchema>marcxchange</srw:recordSchema>
</srw:echoedSearchRetrieveRequest>
    <srw:extraResponseData>
        <responseDate>2021-10-26T10:46:07Z</responseDate></srw:extraResponseData>
</srw:searchRetrieveResponse>